% Examples: https://verbosus.com/bibtex-style-examples.html
@phdthesis{IMED,
author = {Wang, L. and Zhang, Y. and Feng, J.},
title = {On the Euclidean Distance of Images},
school = {School of Electronics Engineering and Computer Science, Peking University},
year = 2005,
url = {http://www.cis.pku.edu.cn/faculty/vision/wangliwei/pdf/IMED.pdf}
}

@MISC{Michie94machinelearning,
    author = {D. Michie and D. J. Spiegelhalter and C.C. Taylor},
    title = {Machine Learning, Neural and Statistical Classification},
    year = {1994},
}

@ARTICLE{usefulthings,
	author = {P. Domingos},
	title = {A Few Useful Things to Know about Machine Learning},
	journal = {Communications of the ACM},
	year = 2012,
	number = 55,
	pages = {78-87},
}

@MISC{Schumacher_atrof,
    author = {Rolf Schumacher and Kh. Rosenbach},
    title = {ATR of Battlefield Targets by SAR â€“ Classification Results Using the Public MSTAR Dataset Compared with a Dataset by QinetiQ, UK SUMMARY},
    year = {}
}

@MISC{MSTAR,
    author = {U.S. Air Force},
    title = {The MSTAR Dataset},
    year = {2015},
    url = {https://www.sdms.afrl.af.mil/index.php?collection=mstar},
}

@MISC{neural_def_russel,
    author = {I. Russel},
    title = {Definition of a Neural Network},
    year = {1996},
    url = {http://uhaweb.hartford.edu/compsci/neural-networks-definition.html},
}

@MISC{theano,
	author = {Theano Development Team},
	title = {Theano at a glance},
	year = {2016},
	url = {http://deeplearning.net/software/theano/introduction.html},
}

@MISC{neural_net_def,
    author = {C. Stergiou and D. Siganos },
    title = {NEURAL NETWORKS },
    year = {},
    url = {https://www.doc.ic.ac.uk/~nd/surprise_96/journal/vol4/cs11/report.html},
}

@book{curlander1991synthetic,
	title={Synthetic aperture radar},
	author={Curlander, John C and McDonough, Robert N},
	year={1991},
	publisher={John Wiley \& Sons New York, NY, USA}
}

@incollection{bottou2010large,
	title={Large-scale machine learning with stochastic gradient descent},
	author={Bottou, L{\'e}on},
	booktitle={Proceedings of COMPSTAT'2010},
	pages={177--186},
	year={2010},
	publisher={Springer}
}

@inproceedings{dunne1997pairing,
	title={On the pairing of the softmax activation and cross-entropy penalty functions and the derivation of the softmax activation function},
	author={Dunne, Rob A and Campbell, Norm A},
	booktitle={Proc. 8th Aust. Conf. on the Neural Networks, Melbourne, 181},
	volume={185},
	year={1997}
}

@article{keller1985fuzzy,
	title={A fuzzy k-nearest neighbor algorithm},
	author={Keller, James M and Gray, Michael R and Givens, James A},
	journal={IEEE transactions on systems, man, and cybernetics},
	number={4},
	pages={580--585},
	year={1985},
	publisher={IEEE}
}

@article{ruck1990multilayer,
	title={The multilayer perceptron as an approximation to a Bayes optimal discriminant function},
	author={Ruck, Dennis W and Rogers, Steven K and Kabrisky, Matthew and Oxley, Mark E and Suter, Bruce W},
	journal={IEEE Transactions on Neural Networks},
	volume={1},
	number={4},
	pages={296--298},
	year={1990},
	publisher={IEEE}
}

