% Examples: https://verbosus.com/bibtex-style-examples.html

@phdthesis{IMED,
author = {Wang, L. and Zhang, Y. and Feng, J.},
title = {On the Euclidean Distance of Images},
school = {School of Electronics Engineering and Computer Science, Peking University},
year = {2005},
url = {http://www.cis.pku.edu.cn/faculty/vision/wangliwei/pdf/IMED.pdf},
}